2876 4820
488 235 572 291 Numi
595 236 851 313 unwanumarum.
1009 263 1010 268 Ν
1207 231 1257 300 3ῖ

156 418 291 486 Litterae
322 421 566 511 inscriptionum,
599 422 710 512 quibus
741 417 852 488 numus
881 438 987 491 noster
1011 425 1176 492 instructus
1201 440 1256 509 est,

81 557 271 637 recentiores
296 571 375 622 sunt.
417 558 537 624 Similes
556 583 666 625 numos
686 558 830 626 exhibent
848 560 933 642 Host,
952 563 1011 626 Fez
1028 561 1092 626 und
1109 559 1255 628 Marolrlro

80 692 143 758 tab.
156 693 287 759 XXXIII.
306 696 358 760 Nr.
376 695 432 761 t3.
450 696 505 766 ll.
535 697 691 778 Marsdea,
712 698 900 765 Numismata
919 698 1074 763 orientalia
1092 698 1153 764 tab.
1167 699 1256 764 XXII.

80 831 132 894 Nr.
165 832 249 896 373.
311 833 437 914 Moller,
480 831 519 897 de
552 834 652 898 nurnis
684 834 880 900 orientalibus
907 835 937 899 in
963 859 1060 900 num..
1078 835 1165 902 Goth.
1197 859 1257 902 ass.

81 966 135 1032 Ed.
157 970 208 1037 2a.
228 968 299 1034 Tab.
319 971 370 1034 Nr.
390 967 516 1036 CXXVI.
535 973 572 1034 M.

546 1272 548 1276 ,
657 1179 688 1244 2.

159 1327 279 1394 numos
298 1338 474 1417 arqenteus„
487 1328 625 1418 ejusdem
644 1329 770 1410 formae,
790 1327 970 1418 iisdemque,
990 1327 1102 1418 quibus
1115 1329 1255 1418 proxime

79 1463 282 1547 antecedens,
317 1465 482 1532 instructus
514 1437 769 1567 inscriptionibus.
806 1464 869 1530 Sed
900 1466 930 1530 in
961 1468 1011 1530 Ar.
1038 1469 1058 1530 l.
1093 1480 1196 1570 ΜΔ·
1227 1478 1258 1529 et

78 1584 189 1690 siglum
207 1601 280 1668 illud
298 1567 360 1668 non
378 1601 474 1668 adest.
543 1591 547 1600 ⁵
611 1667 621 1678 ,

161 1961 235 2027 Tres
253 1962 338 2026 nomi
354 1962 505 2050 arqentei,
532 1959 671 2048 ejusdem
690 1961 821 2042 formae,
840 1958 1010 2048 iisdemque
1029 1958 1256 2026 characteribus

78 2111 108 2163 et
125 2097 376 2188 inscriptionibus
395 2097 500 2162 ornati.
532 2107 534 2112 '
554 2096 644 2165 Ilrbis
663 2121 775 2162 nomen
793 2096 890 2162 deest.

652 2305 684 2368 6.

157 2456 279 2522 Numae
298 2465 472 2546 orpcntcus,
498 2454 751 2521 antecedentibus
771 2455 899 2550 omnino
913 2477 1085 2543 congruens
1103 2451 1159 2519 sed
1178 2467 1254 2518 tem-

37 2621 40 2629 ·
77 2594 162 2684 poris
180 2592 321 2681 injuriam
338 2616 458 2683 passus.
511 2582 580 2658 Nori
592 2592 659 2681 legi
676 2605 807 2682 possunt
823 2592 880 2658 nisi
897 2591 988 2656 baec:

153 2733 246 2795 Ant.
300 2722 1091 2851 up..tt.uu5,ar..tt..uat..·

154 2858 1065 2983 nnn......tt,5o4.llll···7a,c.·ll·t·
1154 2981 1156 2984 Ι
