2876 4820
384 1119 387 1228 j
460 1033 845 1191 ‘rainelmo

587 1333 751 1346 ..n—„-

567 1468 600 1533 L.
652 1469 687 1533 Β.
740 1469 771 1534 S.

155 1652 350 1720 Recensioni
375 1673 549 1719 numerum
574 1654 916 1740 llulrammadanorum
950 1640 979 1720 in¹
1008 1647 1257 1742 numophylaoio

78 1771 184 1862 Regio
194 1771 369 1838 Dresdensi
383 1783 621 1848 asservatorum
636 1773 837 1864 praefaturus
849 1794 911 1840 non
925 1769 1041 1848 habeo,
1053 1767 1141 1862 quod
1152 1768 1257 1834 multis

76 1913 258 1980 exponam,
278 1912 364 1982 quae
389 1891 432 1958 ad
453 1913 573 1982 operae
598 1914 691 1960 meae
715 1895 747 1958 in
772 1903 928 1982 apparatu
955 1891 1007 1959 illo
1034 1889 1256 1958 numismatieo

72 2011 256 2102 digerendo
271 2021 303 2078 et
313 2011 528 2079 describendo
543 2012 671 2100 positae
687 2023 718 2079 et
733 2033 867 2079 oausam
881 2024 913 2079 et
930 2012 1088 2079 rationem
1103 2019 1256 2100 spectant.

76 2131 191 2198 Studia
218 2132 264 2198 rei
297 2132 536 2198 numismatieae
566 2107 867 2223 Mulrammadanae
885 2154 987 2222 quum
1020 2131 1123 2198 indies
1155 2130 1257 2220 magis

77 2250 250 2340 magisque
264 2261 419 2330 crescant,
429 2272 610 2341 eorumque
623 2251 704 2318 fines
717 2251 901 2321 novissimis
915 2251 1044 2342 quidem
1057 2249 1258 2340 temporibus

77 2371 219 2461 amplius
258 2369 462 2462 ampliusque
500 2366 712 2461 prolatentur,
751 2381 910 2464 quotquot
940 2370 972 2436 in
1000 2367 1258 2460 numophylaoiis

77 2491 257 2578 Europaeis
274 2467 377 2567 latent,
397 2492 510 2578 copiae
529 2501 562 2557 ut
580 2492 770 2584 aperiantur,
790 2489 832 2558 ab
851 2489 999 2559 omnibus
1017 2489 1133 2557 harum
1150 2510 1259 2556 rerum

78 2609 235 2677 studiosis
266 2630 474 2697 summopere
502 2610 698 2692 desiderari,
733 2593 813 2679 inter
843 2626 957 2678 omnes
988 2618 1119 2677 constat.
1174 2608 1259 2690 Quid

80 2727 179 2820 quod,
199 2750 300 2818 quum
313 2737 386 2797 ante
403 2728 466 2797 hos
481 2730 900 2820 quatunrannosPetropoli
914 2730 944 2797 in
957 2729 1093 2818 patriam
1111 2748 1260 2796 reversus

79 2848 229 2916 Dresdae
247 2849 482 2931 consedissem,
502 2850 739 2942 numophylaeii
757 2850 856 2918 nostri
874 2850 963 2940 Regii
981 2870 1097 2936 numos
1114 2849 1259 2940 Muham-

80 2968 252 3052 madanos,
267 2988 407 3060 quorum
422 2971 595 3036 maximam
608 2979 733 3059 partem
741 2971 808 3059 jam
825 2970 968 3037 Reislrius
981 2978 1012 3034 et
1025 2965 1260 3058 Heracleus),

80 3089 187 3156 fautor
208 3099 243 3154 et
267 3089 417 3178 magister
433 3111 561 3158 summa
579 3090 698 3179 pietate
716 3088 884 3167 colendus,
908 3088 1050 3180 legerant
1068 3099 1101 3154 et
1117 3087 1260 3180 descrip-

82 3219 206 3288 serant,
231 3207 434 3296 perlustravi,
459 3230 639 3298 eorumque
658 3209 905 3298 descriptionem
922 3206 1051 3298 publice
1070 3206 1167 3275 edere
1185 3205 1260 3274 milri

82 3329 114 3393 in
132 3328 239 3394 animo
257 3327 336 3394 luit
358 3327 452 3409 Quod
472 3329 644 3418 quominus
662 3329 817 3407 iacerem,
843 3326 904 3394 alia
921 3327 1038 3406 studia,
1056 3327 1199 3415 inprimis
1217 3325 1261 3393 ad

82 3446 301 3538 Al-Mallmdi
327 3446 572 3515 celeberrimum
589 3449 666 3515 illud
692 3470 775 3538 opus
793 3447 977 3514 historicum
994 3465 1150 3514 unacum
1169 3448 1262 3533 Dozp

83 3567 299 3658 Lugdunensi,
317 3570 424 3654 nopae
435 3567 609 3644 Parisiensi
619 3578 651 3635 et
671 3570 795 3656 Wripltt
806 3565 1002 3635 Dubliniensi
1020 3565 1146 3656 publice
1160 3565 1260 3632 eden·

149 3799 175 3884 *)
193 3807 359 3863 Fleiselrerus
373 3823 479 3864 numos
493 3812 608 3864 nostros
623 3805 710 3862 hasoe
725 3807 756 3863 in
770 3807 878 3863 classes
893 3807 1021 3878 digessit:
1050 3807 1070 3862 1.
1086 3806 1172 3863 Numi
1184 3805 1261 3862 Cha-

83 3907 197 3965 lllarum
207 3908 418 3980 Umajjadarum
434 3913 461 3966 2.
484 3908 523 3962 «ΙΙ.
538 3909 624 3965 Numi
636 3897 1039 3965 chamarum‘lbbasidarum
1052 3911 1092 3966 27
1110 3903 1195 3986 (inter
1205 3907 1259 3964 hos

86 4019 103 4071 2
122 4016 225 4084 ectypa
240 4009 349 4084 plumb.
365 4026 490 4081 quorum
505 4026 567 4068 non
581 4010 636 4066 ieci
650 4004 848 4088 mentionem).
881 4011 925 4064 111.
940 4010 1026 4066 Numi
1042 4011 1259 4068 Stmanidarum

29 4101 32 4180 ῗ
87 4117 152 4173 η
181 4115 222 4170 rv.
237 4114 325 4170 Numi
343 4109 508 4182 nnjruarum
530 4114 555 4168 r.
599 4111 629 4167 v.
645 4111 731 4167 uumr
749 4099 991 4189 namuurum
1012 4115 1038 4169 r.
1082 4113 1124 4169 u.
1141 4112 1260 4192 onop-

30 4219 31 4274 ζ
87 4219 191 4274 darum
209 4220 233 4272 t.
262 4216 318 4270 Vll.
333 4215 420 4270 Numi
435 4214 598 4271 Shahorum
612 4213 689 4270 Pers.
703 4216 741 4270 29
760 4207 872 4290 (incerti
891 4209 948 4292 to).
977 4215 1045 4272 Vlll.
1057 4216 1145 4272 Numi
1160 4217 1261 4287 Nego-

31 4329 32 4332 ’
86 4320 183 4376 lorum
196 4319 359 4375 Indicorum
376 4318 415 4372 77
435 4309 548 4393 (incerti
566 4309 624 4393 tl).
653 4315 699 4370 IL
713 4315 799 4372 Numi
814 4333 831 4370 a
845 4315 987 4372 Britannis
1002 4317 1032 4372 in
1047 4316 1127 4372 lndia
1142 4333 1183 4372 or.
1199 4319 1262 4372 cusi
1338 4383 1340 4388 Ι

32 4491 33 4498 ¹
90 4424 114 4478 l.
134 4421 259 4478 NNumi
271 4419 383 4477 Turoiei
400 4421 438 4475 37
452 4412 564 4494 (incerti
576 4412 617 4495 2).
638 4417 684 4474 XI.
693 4418 779 4476 Numi
790 4413 976 4492 Bulg'arorum
988 4423 1018 4473 et
1029 4419 1196 4475 Tatarorum
1210 4423 1259 4477 25.
1358 4421 1368 4444 ⁸
