2876 4820
132 282 136 292 ’
171 271 206 327 lv
686 265 833 322 Praelatio.

174 458 251 526 dum
270 457 393 536 collata,
411 432 661 548 impediverunt3
678 475 765 544 quae
779 473 879 544 quum
897 452 1076 521 novissimis
1094 454 1224 520 tandem
1235 454 1346 522 diebus

175 578 218 646 ad
241 577 340 644 finem
358 578 511 667 perducta
531 584 656 652 esseut,
684 595 704 640 a
722 573 854 642 duobus
876 573 1058 640 studiorum
1080 595 1227 641 meorum
1245 575 1345 643 fauto-

174 697 264 764 ribus
281 697 397 764 iterum
415 695 595 762 admonitus
613 714 679 760 non
698 692 836 784 amplius
852 692 1014 770 haesitavi,
1032 692 1242 784 plagulasque
1260 717 1346 762 meas

173 818 312 906 Lipsiam
331 815 410 883 misi,

250 936 300 1003 Ad
317 955 492 1002 numorum
509 941 694 1000 nostrorum
708 944 740 1000 et
753 933 1000 1022 digerendorum
1019 943 1051 1001 et
1063 933 1345 1002 describendorum

172 1056 329 1122 rationem
353 1054 445 1145 quod
469 1054 590 1133 attinet,
616 1053 771 1141 imprimis
792 1053 960 1131 breuno,
985 1055 1102 1120 Dorcio·
1116 1043 1349 1153 etTorudcryt'i

71 1199 73 1204 ¹
174 1176 395 1242 auctoritatem
412 1172 622 1264 sequendam,
642 1194 822 1262 eorumque
839 1172 993 1240 methodo
1012 1172 1086 1239 mibi
1104 1175 1257 1242 utendum
1275 1197 1346 1264 esse

172 1273 306 1384 putaris
339 1296 375 1360 ln
393 1292 545 1362 addendo
566 1291 692 1359 urbium
711 1269 916 1359 monetalium
933 1295 1090 1383 cujusque
1108 1293 1220 1362 classis
1237 1295 1345 1374 indice,

157 1411 336 1504 'quotquot
351 1415 382 1479 in
399 1411 497 1490 libris,
517 1411 601 1478 bunc
617 1412 649 1477 in
667 1432 801 1479 usuma
815 1413 1008 1500 maculatis,
1026 1413 1167 1480 invenire
1182 1415 1256 1482 mihi
1270 1436 1345 1484 con-

172 1535 253 1624 tigit,
284 1534 460 1622 Tycbsenii,
486 1532 628 1600 Moellcrt‘
653 1541 750 1620 atque
775 1532 918 1599 Sticlcelii
942 1531 1089 1622 exempla
1116 1544 1246 1601 secutus
1265 1559 1344 1616 sum,

174 1654 229 1744 qui
247 1675 344 1744 quam
364 1651 446 1718 bene
465 1649 506 1718 de
524 1650 720 1741 geographia
738 1651 958 1718 numismatiea
977 1653 1160 1732 meruerint,
1178 1655 1258 1723 inter
1275 1678 1344 1724 om-

161 1794 232 1840 nes
248 1772 344 1862 hujus
361 1771 408 1839 rei
426 1770 545 1859 peritos
559 1779 692 1838 constat.
719 1769 853 1836 Tantum
871 1770 971 1850 abest,
989 1780 1023 1837 ut
1036 1791 1087 1838 me
1098 1775 1205 1840 omnia
1222 1775 1343 1843 illarum

171 1891 300 1959 urbium
323 1890 453 1957 nomina
480 1910 688 1957 enumerasse
714 1900 840 1978 putem,
868 1899 904 1957 ut
929 1891 1036 1980 potius
1060 1896 1218 1980 permulta
1236 1896 1298 1964 alia
1314 1897 1345 1964 in

170 2011 259 2079 libris
286 2011 385 2078 dere
408 2000 553 2077 numaria
578 2009 920 2095 llulrammadanorum
947 2012 1087 2100 scriptis,
1114 2015 1169 2102 qui
1187 2015 1263 2082 mibi
1281 2013 1354 2085 ncn'

171 2141 302 2222 praesto
320 2132 454 2208 suerunt,
473 2127 624 2198 obvenire
643 2129 719 2196 milri
736 2149 929 2220 persuasum
947 2131 1000 2212 sit;
1019 2154 1117 2230 quam
1135 2134 1175 2200 ab
1193 2157 1271 2216 rem,
1290 2141 1345 2228 qui

171 2237 224 2318 me
242 2250 451 2342 negligentiae
470 2271 543 2318 esse
563 2247 760 2342 arguendum
779 2249 861 2316 sorte
879 2260 1043 2330 censeant,
1067 2263 1101 2318 ut
1118 2252 1346 2324 celeberrimae

170 2368 252 2434 illius
280 2371 467 2447 sententiae,
500 2391 584 2462 qnae
614 2370 724 2453 „ultra
746 2390 846 2458 posse
870 2353 1216 2462 neminem'cbligarffl
1242 2375 1345 2456 docet,

171 2475 334 2557 memores
361 2511 499 2580 aequum
525 2500 557 2557 et
576 2489 700 2577 justum
719 2490 876 2578 judicium
895 2492 978 2557 serre
995 2490 1079 2559 bene
1102 2493 1210 2574 velint,
1234 2497 1347 2564 iterum

172 2608 353 2698 iterumque
380 2610 473 2675 enine
500 2630 579 2698 rogo
607 2585 703 2700 atque
731 2630 800 2676 oro.
1140 2592 1144 2598 ¹

249 2727 367 2806 Quoad
397 2729 525 2795 Testari
545 2730 611 2794 mic
640 2729 810 2797 al-altvdz
838 2728 926 2796 urbis
956 2731 1125 2799 monetalis
1153 2756 1272 2802 nomen
1296 2735 1347 2828 (cl.

170 2869 201 2934 p.
222 2847 269 2911 27
289 2842 326 2934 s.)
355 2846 431 2913 mihi
461 2858 527 2914 tam
554 2847 635 2914 selici
664 2870 737 2916 esse
766 2849 907 2938 contigit,
937 2859 986 2928 ut,
1010 2849 1145 2940 plagulis
1170 2857 1248 2921 meis
1275 2858 1347 2946 jam

85 2963 89 2972 ¹
158 2965 309 3055 'Lipsiam
327 2966 443 3043 missis
463 2967 643 3036 Sticlcclium
656 2962 709 3062 lei.
726 2968 901 3036 Zeitschrill
918 2969 976 3036 der
992 2971 1174 3037 Deutschen
1191 2975 1349 3064 Morgen-

169 3084 353 3152 liiudischen
367 3085 579 3165 Geselschatt,
593 3099 611 3155 t.
625 3091 661 3165 X,
676 3112 706 3178 p.
724 3085 807 3179 997)
826 3089 910 3154 idem
925 3109 1042 3155 nomen
1056 3091 1086 3155 in
1100 3113 1199 3160 numo
1211 3085 1221 3115 ³
1231 3092 1348 3161 Abbir-

170 3203 271 3271 sidico
291 3205 448 3271 invenisse
467 3225 707 3294 cognoscerem.

245 3321 325 3388 Nihil
338 3332 446 3402 restat,
465 3347 563 3412 quam
577 3336 611 3392 ut
623 3307 829 3406 Losscitz'ero,
848 3325 991 3416 collegae
1004 3309 1208 3412 amicissimo,
1227 3355 1348 3401 numo-

169 3440 308 3534 phylacii
325 3443 414 3534 liegii
431 3444 620 3511 Dresdensis
638 3439 788 3512 directori
814 3445 1035 3526 solertissimo,
1063 3451 1118 3540 qui
1136 3452 1211 3534 milri
1230 3476 1348 3542 numo-

169 3561 306 3653 phylacii
324 3563 419 3631 etiam
439 3565 570 3631 insolitis
589 3564 678 3632 boris
697 3564 837 3632 adeundi
855 3576 1049 3653 potestatem
1066 3570 1148 3650 lecit,
1166 3595 1224 3660 pro
1241 3575 1350 3668 multi-

169 3681 255 3750 fariis
279 3682 520 3750 benevolentiae
550 3684 750 3751 documentis
780 3706 877 3774 quam
908 3687 1063 3755 maximas
1090 3689 1218 3780 publice
1251 3715 1349 3785 agam

169 3804 295 3892 gratias.

254 3973 314 4031 Ser.
339 3975 494 4041 bruscam·
514 3975 540 4031 d.
563 3977 622 4034 XX.
646 3987 683 4033 m.
708 3977 784 4048 Sept.
813 3981 823 4032 l
832 3979 900 4034 856.
978 3935 980 3939 ¹

166 4085 169 4090 ·
333 4070 336 4078 ’
560 4100 591 4110 ’·
696 4087 709 4108 ·’
1099 4101 1131 4162 n.
1154 4101 1260 4164 mou.
